<record><leader>00000cas a22000007a 4500</leader><controlfield tag="001">13457674</controlfield><controlfield tag="008">860419d19111919nvudn ne      0    0eng d</controlfield><datafield ind1=" " ind2=" " tag="010"><subfield code="a">sn 86091339 </subfield></datafield><datafield ind1=" " ind2=" " tag="040"><subfield code="a">UNP</subfield><subfield code="b">eng</subfield><subfield code="c">UNP</subfield><subfield code="d">NNX</subfield><subfield code="d">OCLCQ</subfield></datafield><datafield ind1=" " ind2=" " tag="042"><subfield code="a">msc</subfield></datafield><datafield ind1=" " ind2="4" tag="050"><subfield code="a">AN2.N3</subfield><subfield code="b">D34</subfield></datafield><datafield ind1="0" ind2=" " tag="130"><subfield code="a">Daily free press (Elko, Nev. : 1911)</subfield></datafield><datafield ind1="1" ind2="0" tag="245"><subfield code="a">Daily free press.</subfield></datafield><datafield ind1="1" ind2="3" tag="246"><subfield code="a">Elko free press</subfield></datafield><datafield ind1=" " ind2=" " tag="260"><subfield code="a">Elko, Nev. :</subfield><subfield code="b">Free Press Pub. Co.,</subfield><subfield code="c">1911-1919.</subfield></datafield><datafield ind1=" " ind2=" " tag="300"><subfield code="a">24 v. :</subfield><subfield code="b">ill. (chiefly ads.)</subfield></datafield><datafield ind1=" " ind2=" " tag="310"><subfield code="a">Three times a week,</subfield><subfield code="b">Mar. 3, 1919-Apr. 16, 1919</subfield></datafield><datafield ind1=" " ind2=" " tag="321"><subfield code="a">Daily (except Sun.),</subfield><subfield code="b">Mar. 16, 1911-Feb. 28, 1919</subfield></datafield><datafield ind1="0" ind2=" " tag="362"><subfield code="a">Vol. 14, [no. 62] (Mar. 16, 1911)-v. 38, no. 70 (Apr. 16, 1919).</subfield></datafield><datafield ind1=" " ind2=" " tag="500"><subfield code="a">Title from publisher's statement: Elko free press.</subfield></datafield><datafield ind1=" " ind2=" " tag="752"><subfield code="a">United States</subfield><subfield code="b">Nevada</subfield><subfield code="c">Elko</subfield><subfield code="d">Elko.</subfield></datafield><datafield ind1="0" ind2="0" tag="780"><subfield code="t">Elko free press (1909)</subfield><subfield code="w">(DLC)sn 86091338</subfield><subfield code="w">(OCoLC)13457661</subfield></datafield><datafield ind1="0" ind2="0" tag="785"><subfield code="t">Elko free press (1919)</subfield><subfield code="w">(DLC)sn 86076372</subfield></datafield></record>